<?xml version="1.0" encoding="UTF-8"?><collection xmlns="http://www.loc.gov/MARC21/slim"><record><leader>00458nam--2200193-u-4500</leader><controlfield tag="001">000056073</controlfield><controlfield tag="002">20161230</controlfield><controlfield tag="005">20161230201052</controlfield><controlfield tag="008">141208s1000------------r-----000-0-rus-d</controlfield><datafield ind1=" " ind2=" " tag="040"><subfield code="a">IFIN-HH</subfield></datafield><datafield ind1=" " ind2=" " tag="041"><subfield code="a">ruS</subfield></datafield><datafield ind1=" " ind2=" " tag="080"><subfield code="a">524.38</subfield></datafield><datafield ind1="1" ind2=" " tag="100"><subfield code="a">Lipunov, V.M</subfield></datafield><datafield ind1="1" ind2="0" tag="245"><subfield code="a">Vire dvoinih zvezd</subfield><subfield code="c">V.m. liunov</subfield></datafield><datafield ind1=" " ind2=" " tag="260"><subfield code="a">Moskva</subfield><subfield code="b">Nauka</subfield><subfield code="c">1986</subfield></datafield><datafield ind1=" " ind2=" " tag="300"><subfield code="a">204P</subfield></datafield><datafield ind1=" " ind2=" " tag="490"><subfield code="a">Biblioteka Kvant Vipusk 52</subfield></datafield><datafield ind1=" " ind2=" " tag="852"><subfield code="a">74518</subfield><subfield code="c">523</subfield></datafield><datafield ind1=" " ind2=" " tag="CAT"><subfield code="a">Sys</subfield><subfield code="c">20141208</subfield><subfield code="h">165857</subfield></datafield></record></collection>